% Core paper this tutorial is based on
@article{giske2025premises,
  title={Premises for digital twins reporting on {Atlantic} salmon wellbeing},
  author={Giske, Jarl and Dumitru, Magda L. and Enberg, Katja and Folkedal, Ole and Handeland, Sigurd Olav and Higginson, Andrew D. and Opdal, Anders F. and R{\o}nnestad, Ivar and Salvanes, Anne Gro Vea and Vollset, Knut Wiik and Zennaro, Fabio M. and Mangel, Marc and Budaev, Sergey},
  journal={Behavioural Processes},
  volume={226},
  pages={105163},
  year={2025},
  publisher={Elsevier},
  doi={10.1016/j.beproc.2025.105163}
}

% Fish cognition, emotions, and welfare
@article{budaev2020computational,
  title={Computational animal welfare: towards cognitive architecture models of animal sentience, emotion and wellbeing},
  author={Budaev, Sergey and Kristiansen, Tore S and Giske, Jarl and Eliassen, Sigrunn},
  journal={Royal Society Open Science},
  volume={7},
  number={7},
  pages={201886},
  year={2020},
  publisher={The Royal Society Publishing},
  doi={10.1098/rsos.201886}
}

@article{budaev2019decision,
  title={Decision-making from the animal perspective: bridging ecology and subjective cognition},
  author={Budaev, Sergey and J{\o}rgensen, Christian and Mangel, Marc and Eliassen, Sigrunn and Giske, Jarl},
  journal={Frontiers in Ecology and Evolution},
  volume={7},
  pages={164},
  year={2019},
  publisher={Frontiers},
  doi={10.3389/fevo.2019.00164}
}

@article{giske2013effects,
  title={Effects of the emotion system on adaptive behavior},
  author={Giske, Jarl and Eliassen, Sigrunn and Fiksen, {\O}yvind and Jakobsen, Per J and Aksnes, Dag L and J{\o}rgensen, Christian and Mangel, Marc},
  journal={The American Naturalist},
  volume={182},
  number={6},
  pages={689--703},
  year={2013},
  publisher={University of Chicago Press Chicago, IL},
  doi={10.1086/673533}
}

@article{browning2023improving,
  title={Improving welfare assessment in aquaculture},
  author={Browning, Heather},
  journal={Frontiers in Veterinary Science},
  volume={10},
  pages={1060720},
  year={2023},
  publisher={Frontiers Media SA},
  doi={10.3389/fvets.2023.1060720}
}

@article{cabanac1992pleasure,
  title={Pleasure: the common currency},
  author={Cabanac, Michel},
  journal={Journal of theoretical Biology},
  volume={155},
  number={2},
  pages={173--200},
  year={1992},
  publisher={Elsevier},
  doi={10.1016/S0022-5193(05)80594-6}
}

@article{ginsburg2019evolution,
  title={The evolution of the sensitive soul: Learning and the origins of consciousness},
  author={Ginsburg, Simona and Jablonka, Eva},
  journal={MIT Press},
  year={2019}
}

@article{vindas2016brain,
  title={Brain serotonergic activation in growth-stunted farmed salmon: adaption versus pathology},
  author={Vindas, Marco A and Johansen, Ida B and Folkedal, Ole and H{\o}glund, Erik and G{\"o}rissen, Marnix and Flik, Gert and Kristiansen, Tore S and {\O}verli, {\O}yvind},
  journal={Royal Society open science},
  volume={3},
  number={5},
  pages={160030},
  year={2016},
  publisher={The Royal Society Publishing},
  doi={10.1098/rsos.160030}
}

@article{low2012cambridge,
  title={The {Cambridge} declaration on consciousness},
  author={Low, Philip and Panksepp, Jaak and Reiss, Diana and Edelman, David and Van Swinderen, Bruno and Koch, Christof},
  journal={Francis Crick Memorial Conference, Cambridge, England},
  year={2012}
}

@article{andrews2024nydeclaration,
  author={Andrews, Kristin and Birch, Jonathan and Sebo, Jeff and Sims, Tom},
  title={The {New York} Declaration on Animal Consciousness},
  url={https://www.nydeclaration.com/},
  year={2024}
}

@article{mendl2020animal,
  title={Animal affect and decision-making},
  author={Mendl, Michael and Paul, Elizabeth S},
  journal={Neuroscience \& Biobehavioral Reviews},
  volume={112},
  pages={144--163},
  year={2020},
  publisher={Elsevier},
  doi={10.1016/j.neubiorev.2020.01.025}
}

@article{crump2020emotion,
  title={Emotion in animal contests},
  author={Crump, Andrew and Bethell, Emily J and Earley, Ryan and Lee, Victoria E and Mendl, Michael and Oldham, Lucy and Turner, Simon P and Arnott, Gareth},
  journal={Proceedings of the Royal Society B},
  volume={287},
  number={1939},
  pages={20201715},
  year={2020},
  publisher={The Royal Society},
  doi={10.1098/rspb.2020.1715}
}

% Digital twins and computational modeling
@article{rasheed2020digital,
  title={Digital twin: Values, challenges and enablers from a modeling perspective},
  author={Rasheed, Adil and San, Omer and Kvamsdal, Trond},
  journal={IEEE Access},
  volume={8},
  pages={21980--22012},
  year={2020},
  publisher={IEEE},
  doi={10.1109/ACCESS.2020.2970143}
}

@article{vanderhorn2021digital,
  title={Digital Twin: Generalization, characterization and implementation},
  author={VanderHorn, Erik and Mahadevan, Sankaran},
  journal={Decision Support Systems},
  volume={145},
  pages={113524},
  year={2021},
  publisher={Elsevier},
  doi={10.1016/j.dss.2021.113524}
}

@article{tao2022digital,
  title={Digital twin modeling},
  author={Tao, Fei and Xiao, Biwei and Qi, Qinglin and Cheng, Jianfeng and Ji, Ping},
  journal={Journal of Manufacturing Systems},
  volume={64},
  pages={372--389},
  year={2022},
  publisher={Elsevier},
  doi={10.1016/j.jmsy.2022.06.015}
}

@article{eliassen2016sensing,
  title={From sensing to emergent adaptations: Modelling the proximate architecture for decision-making},
  author={Eliassen, Sigrunn and Andersen, Bjørn S and J{\o}rgensen, Christian and Giske, Jarl},
  journal={Ecological modelling},
  volume={326},
  pages={90--100},
  year={2016},
  publisher={Elsevier},
  doi={10.1016/j.ecolmodel.2015.09.001}
}

@article{giske2014emotion,
  title={The emotion system promotes diversity and evolvability},
  author={Giske, Jarl and Eliassen, Sigrunn and Fiksen, {\O}yvind and Jakobsen, Per J and Aksnes, Dag L and Mangel, Marc and J{\o}rgensen, Christian},
  journal={Proceedings of the Royal Society B: Biological Sciences},
  volume={281},
  number={1791},
  pages={20141096},
  year={2014},
  publisher={The Royal Society},
  doi={10.1098/rspb.2014.1096}
}

@article{grimm2013individual,
  title={Individual-based modeling and ecology},
  author={Grimm, Volker and Railsback, Steven F},
  journal={Princeton University Press},
  year={2013}
}

@article{andersen2016proximate,
  title={The proximate architecture for decision-making in fish},
  author={Andersen, Bjørn S and J{\o}rgensen, Christian and Eliassen, Sigrunn and Giske, Jarl},
  journal={Fish and Fisheries},
  volume={17},
  number={3},
  pages={680--695},
  year={2016},
  publisher={Wiley Online Library},
  doi={10.1111/faf.12139}
}

% Aquaculture welfare and management
@article{stien2013salmon,
  title={Salmon Welfare Index Model (SWIM 1.0): a semantic model for overall welfare assessment of caged Atlantic salmon: review of the selected welfare indicators and model presentation},
  author={Stien, Lars H and Bracke, MBM and Folkedal, Ole and Nilsson, Jonatan and Oppedal, Frode and Torgersen, Thomas and Kittilsen, Silje and Midtlyng, Paul J and Vindas, Marco A and {\O}verli, {\O}yvind and others},
  journal={Reviews in Aquaculture},
  volume={5},
  number={1},
  pages={33--57},
  year={2013},
  publisher={Wiley Online Library},
  doi={10.1111/j.1753-5131.2012.01083.x}
}

@article{pettersen2014salmon,
  title={Salmon welfare index model 2.0: an extended model for overall welfare assessment of caged Atlantic salmon, based on a review of selected welfare indicators and intended for fish health professionals},
  author={Pettersen, Jeremie M and Bracke, Marc BM and Midtlyng, Paul J and Folkedal, Ole and Stien, Lars H and Steffenak, Hilde and Kristiansen, Tore S},
  journal={Reviews in Aquaculture},
  volume={6},
  number={3},
  pages={162--179},
  year={2014},
  publisher={Wiley Online Library},
  doi={10.1111/raq.12039}
}

@article{overton2019salmon,
  title={Salmon lice treatments and salmon mortality in {Norwegian} aquaculture: a review},
  author={Overton, Kathy and Dempster, Tim and Oppedal, Frode and Kristiansen, Tore S and Gismervik, Kristine and Stien, Lars H},
  journal={Reviews in Aquaculture},
  volume={11},
  number={4},
  pages={1398--1417},
  year={2019},
  publisher={Wiley Online Library},
  doi={10.1111/raq.12299}
}

@article{fore2018precision,
  title={Precision fish farming: A new framework to improve production in aquaculture},
  author={F{\o}re, Martin and Frank, Kevin and Norton, Tomas and Svendsen, Eleni and Alfredsen, Jo Arve and Dempster, Tim and Eguiraun, Harkaitz and Watson, William and Stahl, Annette and Sunde, Leif Magne and others},
  journal={Biosystems engineering},
  volume={173},
  pages={176--193},
  year={2018},
  publisher={Elsevier},
  doi={10.1016/j.biosystemseng.2017.10.014}
}

@article{salvanes2013environmental,
  title={Environmental enrichment promotes neural plasticity and cognitive ability in fish},
  author={Salvanes, Anne Gro Vea and Moberg, Olav and Ebbesson, Lars OE and Nilsen, Tom Ole and Jensen, Knut Helge and Braithwaite, Victoria A},
  journal={Proceedings of the Royal Society B: Biological Sciences},
  volume={280},
  number={1767},
  pages={20131331},
  year={2013},
  publisher={The Royal Society},
  doi={10.1098/rspb.2013.1331}
}

@article{van2020welfare,
  title={The welfare of fishes in different {EU} production systems},
  author={van de Vis, Hans and Kolarevic, Jelena and Stien, Lars and Kristiansen, Tore and Gerritzen, Marien and van de Braak, Karin and Abbink, Wout and S{\ae}ther, Bjorn-Steinar and Noble, Christopher},
  journal={The Welfare of Fish},
  pages={199--215},
  year={2020},
  publisher={Springer},
  doi={10.1007/978-3-030-41675-1_9}
}

@article{bracke1999overall,
  title={Overall animal welfare reviewed. Part 3: welfare assessment based on needs and supported by expert opinion},
  author={Bracke, MBM and Spruijt, BM and Metz, JHM},
  journal={NJAS wageningen journal of life sciences},
  volume={47},
  number={3},
  pages={307--322},
  year={1999},
  publisher={Elsevier},
  doi={10.18174/njas.v47i3.468}
}

@article{folkedal2010habituation,
  title={Habituation rate and capacity of Atlantic salmon (Salmo salar) parr to sudden transitions from darkness to light},
  author={Folkedal, Ole and Torgersen, Thomas and Nilsson, Jonatan and Oppedal, Frode},
  journal={Aquaculture},
  volume={307},
  number={1-2},
  pages={170--172},
  year={2010},
  publisher={Elsevier},
  doi={10.1016/j.aquaculture.2010.06.001}
}

@article{bratland2010fright,
  title={From fright to anticipation: using aversive light stimuli to investigate reward conditioning in large groups of Atlantic salmon (Salmo salar)},
  author={Bratland, Stine and Stien, Lars H and Braithwaite, Victoria A and Juell, Jon-Erik and Folkedal, Ole and Nilsson, Jonatan and Oppedal, Frode and Fosseidengen, Jan Erik and Kristiansen, Tore S},
  journal={Aquaculture International},
  volume={18},
  number={6},
  pages={991--1001},
  year={2010},
  publisher={Springer},
  doi={10.1007/s10499-009-9317-8}
}

% Animal cognition, sentience, and welfare principles
@article{korte2007new,
  title={A new animal welfare concept based on allostasis},
  author={Korte, S Mechiel and Olivier, Berend and Koolhaas, Jaap M},
  journal={Physiology \& behavior},
  volume={92},
  number={3},
  pages={422--428},
  year={2007},
  publisher={Elsevier},
  doi={10.1016/j.physbeh.2006.10.018}
}

@article{dawkins2023farm,
  title={Farm animal welfare: Beyond "natural" behavior},
  author={Dawkins, Marian Stamp},
  journal={Science},
  volume={379},
  number={6630},
  pages={326--328},
  year={2023},
  publisher={American Association for the Advancement of Science},
  doi={10.1126/science.ade5437}
}

@article{russell1959principles,
  title={The principles of humane experimental technique},
  author={Russell, William Moy Stratton and Burch, Rex Leonard},
  journal={Methuen},
  year={1959}
}

@article{grimm2023advancing,
  title={Advancing the 3Rs: innovation, implementation, ethics and society},
  author={Grimm, Herwig and Biller-Andorno, Nikola and Buch, Thorsten and Dahlhoff, Matthias and Davies, Grahame and Cederroth, Christopher R and Maissen, Olivia and Lukas, Wolfgang and Passini, Elisa and Tornqvist, Elin and others},
  journal={Frontiers in Veterinary Science},
  volume={10},
  pages={1185706},
  year={2023},
  publisher={Frontiers Media SA},
  doi={10.3389/fvets.2023.1185706}
}

@article{mellor2020five,
  title={The 2020 Five Domains Model: Including Human--Animal Interactions in Assessments of Animal Welfare},
  author={Mellor, David J and Beausoleil, Ngaio J and Littlewood, Katherine E and McLean, Andrew N and McGreevy, Paul D and Jones, Bidda and Wilkins, Cristina},
  journal={Animals},
  volume={10},
  number={10},
  pages={1870},
  year={2020},
  publisher={MDPI},
  doi={10.3390/ani10101870}
}

@article{eguiraun2018reducing,
  title={Reducing the number of individuals to monitor shoaling fish systems- Application of the Shannon entropy to construct a biological warning system model},
  author={Eguiraun, Harkaitz and Casquero, Oscar and S{\o}rensen, Asgeir Johan and Martinez, Iciar},
  journal={Frontiers in physiology},
  volume={9},
  pages={493},
  year={2018},
  publisher={Frontiers},
  doi={10.3389/fphys.2018.00493}
}

@article{sloman2019ethical,
  title={Ethical considerations in fish research},
  author={Sloman, Katherine A and Bouyoucos, Ian A and Brooks, Edward J and Sneddon, Lynne U},
  journal={Journal of fish biology},
  volume={94},
  number={4},
  pages={556--577},
  year={2019},
  publisher={Wiley Online Library},
  doi={10.1111/jfb.13946}
}

@article{fiksen1998modelling,
  title={Modelling spatial dynamics of fish},
  author={Fiksen, {\O}yvind and Giske, Jarl and Slagstad, Dag},
  journal={Reviews in Fish Biology and Fisheries},
  volume={8},
  number={1},
  pages={57--91},
  year={1998},
  publisher={Springer},
  doi={10.1023/A:1008864517488}
}

% Neuroscience and decision-making
@article{ledoux2012rethinking,
  title={Rethinking the emotional brain},
  author={LeDoux, Joseph},
  journal={Neuron},
  volume={73},
  number={4},
  pages={653--676},
  year={2012},
  publisher={Elsevier},
  doi={10.1016/j.neuron.2012.02.004}
}

@article{barron2016neural,
  title={What insects can tell us about the origins of consciousness},
  author={Barron, Andrew B and Klein, Colin},
  journal={Proceedings of the National Academy of Sciences},
  volume={113},
  number={18},
  pages={4900--4908},
  year={2016},
  publisher={National Acad Sciences},
  doi={10.1073/pnas.1520084113}
}

@article{schultz2024dopamine,
  title={A dopamine mechanism for reward maximization},
  author={Schultz, Wolfram},
  journal={Proceedings of the National Academy of Sciences},
  volume={121},
  number={4},
  pages={e2316658121},
  year={2024},
  publisher={National Acad Sciences},
  doi={10.1073/pnas.2316658121}
}

@article{friston2010action,
  title={Action and behavior: a free-energy formulation},
  author={Friston, Karl and Daunizeau, Jean and Kilner, James and Kiebel, Stefan J},
  journal={Biological cybernetics},
  volume={102},
  number={3},
  pages={227--260},
  year={2010},
  publisher={Springer},
  doi={10.1007/s00422-010-0364-z}
}

@article{peters2017uncertainty,
  title={Uncertainty and stress: Why it causes diseases and how it is mastered by the brain},
  author={Peters, Achim and McEwen, Bruce S and Friston, Karl},
  journal={Progress in neurobiology},
  volume={156},
  pages={164--188},
  year={2017},
  publisher={Elsevier},
  doi={10.1016/j.pneurobio.2017.05.004}
}

@article{zupanc2006neurogenesis,
  title={Neurogenesis and neuronal regeneration in the adult fish brain},
  author={Zupanc, G{\"u}nther KH},
  journal={Journal of Comparative Physiology A},
  volume={192},
  number={6},
  pages={649--670},
  year={2006},
  publisher={Springer},
  doi={10.1007/s00359-006-0104-y}
}

@article{feinberg2016ancient,
  title={The ancient origins of consciousness: How the brain created experience},
  author={Feinberg, Todd E and Mallatt, Jon M},
  journal={MIT Press},
  year={2016}
}

@article{zacks2022futures,
  title={The futures of the past. The evolution of imaginative animals},
  author={Zacks, Orr and Ginsburg, Simona and Jablonka, Eva},
  journal={Journal of Consciousness Studies},
  volume={29},
  number={3-4},
  pages={29--61},
  year={2022},
  publisher={Imprint Academic},
  doi={10.53765/20512201.29.3.029}
}

@article{sterling2012allostasis,
  title={Allostasis: a model of predictive regulation},
  author={Sterling, Peter},
  journal={Physiology \& behavior},
  volume={106},
  number={1},
  pages={5--15},
  year={2012},
  publisher={Elsevier},
  doi={10.1016/j.physbeh.2011.06.004}
}

@article{barrett2020seven,
  title={Seven and a half lessons about the brain},
  author={Barrett, Lisa Feldman},
  journal={Houghton Mifflin Harcourt},
  year={2020}
}

@article{godfrey2017animal,
  title={Animal evolution and the origins of experience},
  author={Godfrey-Smith, Peter},
  journal={How biology shapes philosophy: New foundations for naturalism},
  pages={51--71},
  year={2017},
  publisher={Cambridge University Press Cambridge},
  doi={10.1017/9781107295490.004}
}

% Additional related topics
@article{wingfield1998ecological,
  title={Ecological bases of hormone-behavior interactions: the "emergency life history stage"},
  author={Wingfield, John C and Maney, Donna L and Breuner, Creagh W and Jacobs, Jacqueline D and Lynn, Sharon and Ramenofsky, Marilyn and Richardson, Richart D},
  journal={American Zoologist},
  volume={38},
  number={1},
  pages={191--206},
  year={1998},
  publisher={Oxford University Press UK},
  doi={10.1093/icb/38.1.191}
}

@article{madaro2020stress,
  title={Stress in Atlantic salmon: response to unpredictable chronic stress},
  author={Madaro, Angelico and Fernandez Olsen, Rolf Erik and Kristiansen, Tore S and Ebbesson, Lars OE and Nilsen, Tom O and Flik, Gert and Gorissen, Marnix},
  journal={Journal of Experimental Biology},
  volume={218},
  number={16},
  pages={2538--2550},
  year={2015},
  publisher={The Company of Biologists Ltd},
  doi={10.1242/jeb.120535}
}

@article{meagher2019boredom,
  title={Is boredom an animal welfare concern?},
  author={Meagher, Rebecca K},
  journal={Animal Welfare},
  volume={28},
  number={1},
  pages={21--32},
  year={2019},
  publisher={Universities Federation for Animal Welfare},
  doi={10.7120/09627286.28.1.021}
}

@article{burn2017bestial,
  title={Bestial boredom: A biological perspective on animal boredom and suggestions for its scientific investigation},
  author={Burn, Charlotte C},
  journal={Animal Behaviour},
  volume={130},
  pages={141--151},
  year={2017},
  publisher={Elsevier},
  doi={10.1016/j.anbehav.2017.06.006}
}

@article{pielke2007honest,
  title={The honest broker: making sense of science in policy and politics},
  author={Pielke Jr, Roger A},
  journal={Cambridge University Press},
  year={2007}
}

@article{lai2024freshwater,
  title={Freshwater history influences farmed {Atlantic} salmon (Salmo salar) performance in seawater},
  author={Lai, Foozy and R{\o}nnestad, Ivar and Budaev, Sergey and Balseiro, Pablo and Gelebart, Valentine and Pedrosa, Catarina and Stevneb{\o}, Arne and Haugarvoll, Erlend and Kors{\o}en, {\O}yvind Johan and Tangen, Kine Lohne and others},
  journal={Aquaculture},
  volume={586},
  pages={740750},
  year={2024},
  publisher={Elsevier},
  doi={10.1016/j.aquaculture.2024.740750}
}

@article{spruijt2001concept,
  title={A concept of welfare based on reward evaluating mechanisms in the brain: anticipatory behaviour as an indicator for the state of reward systems},
  author={Spruijt, Berry M and Van den Bos, Ruud and Pijlman, Francisca TA},
  journal={Applied Animal Behaviour Science},
  volume={72},
  number={2},
  pages={145--171},
  year={2001},
  publisher={Elsevier},
  doi={10.1016/S0168-1591(00)00204-5}
}

@article{mcnamara2009integrating,
  title={Integrating function and mechanism},
  author={McNamara, John M and Houston, Alasdair I},
  journal={Trends in ecology \& evolution},
  volume={24},
  number={12},
  pages={670--675},
  year={2009},
  publisher={Elsevier},
  doi={10.1016/j.tree.2009.05.011}
}

@article{taborsky2021evolutionary,
  title={Towards an evolutionary theory of stress responses},
  author={Taborsky, Barbara and English, Sinead and Fawcett, Tim W and Kuijper, Bram and Leimar, Olof and McNamara, John M and Ruuskanen, Suvi and Sandi, Carmen},
  journal={Trends in ecology \& evolution},
  volume={36},
  number={1},
  pages={39--48},
  year={2021},
  publisher={Elsevier},
  doi={10.1016/j.tree.2020.09.003}
}

@article{vindas2019depression,
  title={Depression-like state behavioural outputs may confer beneficial outcomes in risky environments},
  author={Vindas, Marco A and Helland-Riise, Siri H and Nilsson, G{\"o}ran E and {\O}verli, {\O}yvind},
  journal={Scientific reports},
  volume={9},
  number={1},
  pages={3792},
  year={2019},
  publisher={Nature Publishing Group UK London},
  doi={10.1038/s41598-019-40390-3}
}

@article{segner2019welfare,
  title={Welfare of fishes in aquaculture},
  author={Segner, Helmut and Reiser, Steven and Ruane, Neil and R{\"o}sch, Roland and Steinhagen, Dieter and Vehanen, Teppo},
  journal={FAO Fisheries and Aquaculture Circular},
  number={C1189},
  pages={1--97},
  year={2019}
}

@article{mustapha2021sustainable,
  title={Sustainable aquaculture development: A review on the roles of cloud computing, Internet of things and artificial intelligence (CIA)},
  author={Mustapha, Umar Faruk and Alhassan, Alhaji Wehabu and Jiang, Ding-Nian and Li, Guang-Li},
  journal={Reviews in Aquaculture},
  volume={13},
  number={1},
  pages={2076--2091},
  year={2021},
  publisher={Wiley Online Library},
  doi={10.1111/raq.12559}
}

@article{eastwood2012unengaged,
  title={The unengaged mind: Defining boredom in terms of attention},
  author={Eastwood, John D and Frischen, Alexandra and Fenske, Mark J and Smilek, Daniel},
  journal={Perspectives on Psychological Science},
  volume={7},
  number={5},
  pages={482--495},
  year={2012},
  publisher={SAGE Publications Sage CA: Los Angeles, CA},
  doi={10.1177/1745691612456044}
}

@article{folkedal2012duration,
  title={Duration of effects of acute environmental changes on food anticipatory behaviour, feed intake, oxygen consumption, and cortisol release in Atlantic salmon parr},
  author={Folkedal, Ole and Stien, Lars H and Torgersen, Thomas and Oppedal, Frode and Olsen, Rolf E and Fosseidengen, Jan Erik and Braithwaite, Victoria A and Kristiansen, Tore S},
  journal={Physiology \& behavior},
  volume={105},
  number={2},
  pages={283--291},
  year={2012},
  publisher={Elsevier},
  doi={10.1016/j.physbeh.2011.07.015}
}

@article{kitano2004biological,
  title={Biological robustness},
  author={Kitano, Hiroaki},
  journal={Nature Reviews Genetics},
  volume={5},
  number={11},
  pages={826--837},
  year={2004},
  publisher={Nature Publishing Group},
  doi={10.1038/nrg1471}
}

@article{mcewen2015mechanisms,
  title={Mechanisms of stress in the brain},
  author={McEwen, Bruce S and Bowles, Nicole P and Gray, Jason D and Hill, Matthew N and Hunter, Richard G and Karatsoreos, Ilia N and Nasca, Carla},
  journal={Nature neuroscience},
  volume={18},
  number={10},
  pages={1353--1363},
  year={2015},
  publisher={Nature Publishing Group},
  doi={10.1038/nn.4086}
}

@article{budaev2018aha,
  title={{AHA}: A general cognitive architecture for {Darwinian} agents},
  author={Budaev, Sergey and Giske, Jarl and Eliassen, Sigrunn},
  journal={Biologically Inspired Cognitive Architectures},
  volume={25},
  pages={51--57},
  year={2018},
  publisher={Elsevier},
  doi={10.1016/j.bica.2018.07.009}
}

@article{fernandez2011evolving,
  title={Evolving cognitive-behavioural dependencies in situated agents for behavioural robustness},
  author={Fernandez-Leon, Jose A},
  journal={Biosystems},
  volume={106},
  number={2-3},
  pages={94--110},
  year={2011},
  publisher={Elsevier},
  doi={10.1016/j.biosystems.2011.07.003}
}

@article{anderson2014framework,
  title={A framework for studying emotions across species},
  author={Anderson, David J and Adolphs, Ralph},
  journal={Cell},
  volume={157},
  number={1},
  pages={187--200},
  year={2014},
  publisher={Elsevier},
  doi={10.1016/j.cell.2014.03.003}
}

@article{dumitru2024beyond,
  title={Beyond the mosaic model of brain evolution: Rearing environment defines local and global plasticity},
  author={Dumitru, Magda L and Opdal, Anders M F},
  journal={Annals of the New York Academy of Sciences},
  volume={1542},
  number={1},
  pages={58--66},
  year={2024},
  publisher={Wiley Online Library},
  doi={10.1111/nyas.15267}
}

@article{colditz2023biological,
  title={A biological integrity framework for describing animal welfare and wellbeing},
  author={Colditz, Ian G},
  journal={Animal Production Science},
  volume={63},
  number={5},
  pages={423--440},
  year={2023},
  publisher={CSIRO Publishing},
  doi={10.1071/AN22285}
}

@article{neethirajan2021use,
  title={The use of artificial intelligence in assessing affective states in livestock},
  author={Neethirajan, Suresh},
  journal={Frontiers in Veterinary Science},
  volume={8},
  pages={282},
  year={2021},
  publisher={Frontiers},
  doi={10.3389/fvets.2021.715261}
}

@article{collins2013modelling,
  title={Modelling farm animal welfare},
  author={Collins, Lisa M and Part, Chérie E},
  journal={Animals},
  volume={3},
  number={2},
  pages={416--441},
  year={2013},
  publisher={MDPI},
  doi={10.3390/ani3020416}
}

@article{hawkins2011guidance,
  title={Guidance on the severity classification of scientific procedures involving fish: report of a Working Group appointed by the Norwegian Consensus-Platform for the Replacement, Reduction and Refinement of animal experiments (Norecopa)},
  author={Hawkins, Penny and Dennison, Ngaire and Goodman, Greg and Hetherington, Sue and Llywelyn-Jones, Sian and Ryder, Kathy and Smith, Adrian J},
  journal={Laboratory Animals},
  volume={45},
  number={4},
  pages={219--224},
  year={2011},
  publisher={SAGE Publications Sage UK: London, England},
  doi={10.1258/la.2011.010181}
}

@article{rosengren2017born,
  title={Born to be wild: effects of rearing density and environmental enrichment on stress, welfare, and smolt migration in hatchery-reared {Atlantic} salmon},
  author={Rosengren, M{\aa}rten and Kvingedal, Eli and N{\"{a}}slund, Joacim and Johnsson, J{\"o}rgen I and Sundell, Kristina},
  journal={Canadian Journal of Fisheries and Aquatic Sciences},
  volume={74},
  number={3},
  pages={396--405},
  year={2017},
  publisher={NRC Research Press},
  doi={10.1139/cjfas-2015-0515}
}

@article{gaffney2022research,
  title={Research before policy: identifying gaps in salmonid welfare research that require further study to inform evidence-based aquaculture guidelines in {Canada}},
  author={Gaffney, Lauren P and Lavery, James M},
  journal={Frontiers in Veterinary Science},
  volume={8},
  pages={768558},
  year={2022},
  publisher={Frontiers Media SA},
  doi={10.3389/fvets.2021.768558}
}

@article{naslund2019fish,
  title={Fish density, but not environmental enrichment, affects the size of cerebellum in the brain of juvenile hatchery-reared {Atlantic} salmon},
  author={N{\"a}slund, Joacim and Rosengren, M{\aa}rten and Johnsson, J{\"o}rgen I},
  journal={Environmental Biology of Fishes},
  volume={102},
  number={5},
  pages={705--712},
  year={2019},
  publisher={Springer},
  doi={10.1007/s10641-019-00864-9}
}

@article{tort2011stress,
  title={Stress and immune modulation in fish},
  author={Tort, Lluis},
  journal={Developmental \& Comparative Immunology},
  volume={35},
  number={12},
  pages={1366--1375},
  year={2011},
  publisher={Elsevier},
  doi={10.1016/j.dci.2011.07.002}
}

@article{ruizmirazo2004universal,
  title={A universal definition of life: autonomy and open-ended evolution},
  author={Ruiz-Mirazo, Kepa and Peret{\'o}, Juli and Moreno, Alvaro},
  journal={Origins of Life and Evolution of the Biosphere},
  volume={34},
  number={3},
  pages={323--346},
  year={2004},
  publisher={Springer},
  doi={10.1023/B:ORIG.0000016440.53346.dc}
}

@article{reichstein2024early,
  title={Early warning of complex climate risk with integrated artificial intelligence},
  author={Reichstein, Markus and Benson, Vincent and Camps-Valls, Gustau and Boran, Hadiseh and Fearnley, Christopher and Kornhuber, Kai and Rahaman, Nasim and Sch{\"o}lkopf, Bernhard and T{\'a}rraga, Jos{\'e} Miguel and Vinuesa, Ricardo},
  journal={Research Square},
  year={2024},
  doi={10.21203/rs.3.rs-4248340/v1}
}

@article{scholkopf2021toward,
  title={Toward causal representation learning},
  author={Sch{\"o}lkopf, Bernhard and Locatello, Francesco and Bauer, Stefan and Ke, Nan Rosemary and Kalchbrenner, Nal and Goyal, Anirudh and Bengio, Yoshua},
  journal={Proceedings of the IEEE},
  volume={109},
  number={5},
  pages={612--634},
  year={2021},
  publisher={IEEE},
  doi={10.1109/JPROC.2021.3058954}
}

@article{royer2023data,
  title={Data assimilation as a key step towards the implementation of an efficient management of dissolved oxygen in land-based aquaculture},
  author={Royer, Eve and Pastres, Roberto},
  journal={Aquaculture International},
  volume={31},
  number={3},
  pages={1287--1301},
  year={2023},
  publisher={Springer},
  doi={10.1007/s10499-022-01028-w}
}

@article{arechavalalopez2022environmental,
  title={Environmental enrichment in fish aquaculture: A review of fundamental and practical aspects},
  author={Arechavala-Lopez, Pablo and Cabrera-{\`A}lvarez, Maria J and Maia, Catarina M and Saraiva, Jo{\~a}o L},
  journal={Reviews in Aquaculture},
  volume={14},
  number={2},
  pages={704--728},
  year={2022},
  publisher={Wiley Online Library},
  doi={10.1111/raq.12620}
}

@article{thompson2007mind,
  title={Mind in life: Biology, phenomenology, and the sciences of mind},
  author={Thompson, Evan},
  journal={Harvard University Press},
  year={2007}
}

@article{ward2024effects,
  title={The effects of rearing environment on organization of the olfactory system and brain of juvenile sockeye salmon, {Oncorhynchus nerka}},
  author={Ward, Robert H and Quinn, Thomas P and Dittman, Andrew H and Yopak, Kara E},
  journal={Integrative and Comparative Biology},
  volume={64},
  number={1},
  pages={92--106},
  year={2024},
  publisher={Oxford University Press},
  doi={10.1093/icb/icae002}
}

@article{wingfield2013comparative,
  title={The comparative biology of environmental stress: behavioural endocrinology and variation in ability to cope with novel, changing environments},
  author={Wingfield, John C},
  journal={Animal Behaviour},
  volume={85},
  number={5},
  pages={1127--1133},
  year={2013},
  publisher={Elsevier},
  doi={10.1016/j.anbehav.2013.02.018}
}

@article{mcnamara1986common,
  title={The common currency for behavioral decisions},
  author={McNamara, John M and Houston, Alasdair I},
  journal={The American Naturalist},
  volume={127},
  number={3},
  pages={358--378},
  year={1986},
  publisher={University of Chicago Press},
  doi={10.1086/284489}
}

@article{gismervik2020comparison,
  title={Comparison of {Norwegian} health and welfare regulatory frameworks in salmon and chicken production},
  author={Gismervik, Kristine and T{\o}rud, Brit and Kristiansen, Tore S and Osmundsen, Tonje and St{\o}rkersen, Kristine V and Medaas, Christian and Lien, Marianne E and Stien, Lars H},
  journal={Reviews in Aquaculture},
  volume={12},
  number={4},
  pages={2396--2410},
  year={2020},
  publisher={Wiley Online Library},
  doi={10.1111/raq.12440}
}

@article{vindas2014coping,
  title={Coping with unpredictability: dopaminergic and neurotrophic responses to omission of expected reward in {Atlantic} salmon (Salmo salar L.)},
  author={Vindas, Marco A and S{\o}rensen, Christina and Johansen, Ida B and Folkedal, Ole and H{\o}glund, Erik and Khan, Uniza W and Stien, Lars H and Kristiansen, Tore S and Braastad, Bj{\o}rn O and {\O}verli, {\O}yvind},
  journal={PLoS One},
  volume={9},
  number={1},
  pages={e85543},
  year={2014},
  publisher={Public Library of Science San Francisco, CA USA},
  doi={10.1371/journal.pone.0085543}
}

@article{solaa2019can,
  title={Can structural enrichment reduce predation mortality and increase recaptures of hatchery-reared {Atlantic} salmon Salmo salar L. fry released into the wild?},
  author={Sol{\aa}s, Monica R and Skoglund, Helge and Salvanes, Anne Gro Vea},
  journal={Journal of Fish Biology},
  volume={95},
  number={2},
  pages={575--588},
  year={2019},
  publisher={Wiley Online Library},
  doi={10.1111/jfb.14004}
}

@article{way2017cannot,
  title={``What I cannot create, I do not understand''},
  author={Way, Michael},
  journal={Journal of Cell Science},
  volume={130},
  number={18},
  pages={2941--2942},
  year={2017},
  publisher={The Company of Biologists Ltd},
  doi={10.1242/jcs.209791}
}

@article{sambraus2017salinity,
  title={Salinity affects aerobic exercise performance, heart rate recovery and cardiac activity in seawater acclimated rainbow trout ({Oncorhynchus} mykiss)},
  author={Sambraus, Florian and Remen, Mario and Olsen, Rolf Erik and Hansen, Tom Johnny and T{\"a}nningsen, Roger and Karlsen, {\O}rjan and Midtlyng, Paul J and Bou, Marta and Waagb{\o}, Rune and Tvenning, Lourdes and others},
  journal={Fish Physiology and Biochemistry},
  volume={44},
  number={4},
  pages={1029--1044},
  year={2018},
  publisher={Springer Netherlands},
  doi={10.1007/s10695-018-0489-x}
}

@article{elkan2001foundations,
  title={The foundations of cost-sensitive learning},
  author={Elkan, Charles},
  journal={International joint conference on artificial intelligence},
  volume={17},
  number={1},
  pages={973--978},
  year={2001},
  publisher={Lawrence Erlbaum Associates Ltd}
}

@article{garcia2015comprehensive,
  title={A comprehensive survey on safe reinforcement learning},
  author={Garc{\'\i}a, Javier and Fern{\'a}ndez, Fernando},
  journal={Journal of Machine Learning Research},
  volume={16},
  pages={1437--1480},
  year={2015}
}

@article{mendl1999performing,
  title={Performing under pressure: stress and cognitive function},
  author={Mendl, Michael},
  journal={Applied Animal Behaviour Science},
  volume={65},
  number={3},
  pages={221--244},
  year={1999},
  publisher={Elsevier},
  doi={10.1016/S0168-1591(99)00088-X}
}

@article{shapouri2024behavioral,
  title={Behavioral and neurophysiological effects of buspirone in healthy and depression-like state juvenile salmon},
  author={Shapouri, Shima and Sharifi, Afsaneh and Folkedal, Ole and Fraser, Thomas WK and Vindas, Marco A},
  journal={Frontiers in Behavioral Neuroscience},
  volume={18},
  pages={1285413},
  year={2024},
  publisher={Frontiers Media SA},
  doi={10.3389/fnbeh.2024.1285413}
}

@article{fearnley2023why,
  title={Why it hurts: with freedom comes the biological need for pain},
  author={Farnsworth, Keith D and Elwood, Robert W},
  journal={Animal cognition},
  volume={26},
  number={4},
  pages={1259--1275},
  year={2023},
  publisher={Springer Berlin Heidelberg},
  doi={10.1007/s10071-023-01773-2}
}

@article{haugland2023atlantic,
  title={{Atlantic} salmon ({Salmo} salar) postsmolts need time to adjust to sudden transfer to cold water and low temperature is a risk factor for {Moritella viscosa} infection and winter ulcer development},
  author={Haugland, {\O}yvind and Olsen, Rolf Erik and Rønnestad, Ivar and Pettersen, Engelbert Vatne and Matos, Elisabete and Ditlefsen, Gerd Marit and Uleberg, Maria and Brinchmann, Monica Fengsrud and Sannæs, Hege and Kousoulaki, Katerina and others},
  journal={Journal of Fish Diseases},
  volume={46},
  number={1},
  pages={53--65},
  year={2023},
  publisher={Wiley Online Library},
  doi={10.1111/jfd.13709}
}

@article{pulcini2020consumer,
  title={Consumer preferences for farmed seafood: An Italian case study},
  author={Pulcini, Domitilla and Franceschini, Simone and Buttazzoni, Luca and Giannetti, Claudia and Capoccioni, Fabrizio},
  journal={Journal of Aquatic Food Product Technology},
  volume={29},
  number={5},
  pages={445--460},
  year={2020},
  publisher={Taylor \& Francis},
  doi={10.1080/10498850.2020.1749201}
}

@article{seth2021being,
  title={Being you: A new science of consciousness},
  author={Seth, Anil},
  journal={Penguin},
  year={2021}
}
